<record><leader>00000cas a2200000 a 4500</leader><controlfield tag="001">607526391</controlfield><controlfield tag="006">m     o  d        </controlfield><controlfield tag="007">cr |||||||||||</controlfield><controlfield tag="008">100416d18721876gaudn nso     |    0eng c</controlfield><datafield ind1=" " ind2=" " tag="010"><subfield code="a">  2010233026</subfield></datafield><datafield ind1=" " ind2=" " tag="040"><subfield code="a">GUA</subfield><subfield code="b">eng</subfield><subfield code="c">GUA</subfield><subfield code="d">OCLCQ</subfield><subfield code="d">OCLCF</subfield><subfield code="d">OCLCO</subfield></datafield><datafield ind1=" " ind2=" " tag="042"><subfield code="a">pcc</subfield></datafield><datafield ind1=" " ind2=" " tag="043"><subfield code="a">n-us-ga</subfield></datafield><datafield ind1="1" ind2="4" tag="050"><subfield code="a">AN13.A82</subfield></datafield><datafield ind1="0" ind2="4" tag="245"><subfield code="a">The Atlanta daily herald</subfield><subfield code="h">[electronic resource].</subfield></datafield><datafield ind1=" " ind2=" " tag="260"><subfield code="a">Atlanta, Ga. :</subfield><subfield code="b">Herald Pub. Co.</subfield></datafield><datafield ind1=" " ind2=" " tag="310"><subfield code="a">Daily (except Mon.)</subfield></datafield><datafield ind1="1" ind2=" " tag="362"><subfield code="a">Print began with v. 1, no. 1 (Aug. 22, 1872); ceased in 1876.</subfield></datafield><datafield ind1=" " ind2=" " tag="588"><subfield code="a">Description based on: Vol. 1, no. 175 (May 2, 1873); title from pdf image of caption (Georgia Historical Newspapers, viewed Apr. 7, 2010).</subfield></datafield><datafield ind1=" " ind2=" " tag="588"><subfield code="a">Latest issue consulted: Vol. 4, no. 121 (Feb. 5, 1876), viewed Apr. 7, 2010.</subfield></datafield><datafield ind1=" " ind2="0" tag="651"><subfield code="a">Atlanta (Ga.)</subfield><subfield code="v">Newspapers.</subfield></datafield><datafield ind1=" " ind2="7" tag="655"><subfield code="a">Newspapers.</subfield><subfield code="2">fast</subfield><subfield code="0">(OCoLC)fst01423814</subfield></datafield><datafield ind1=" " ind2="7" tag="651"><subfield code="a">Georgia</subfield><subfield code="z">Atlanta.</subfield><subfield code="2">fast</subfield><subfield code="0">(OCoLC)fst01204627</subfield></datafield><datafield ind1=" " ind2=" " tag="752"><subfield code="a">United States</subfield><subfield code="b">Georgia</subfield><subfield code="c">Fulton</subfield><subfield code="d">Atlanta.</subfield></datafield><datafield ind1="0" ind2="8" tag="776"><subfield code="i">Print version:</subfield><subfield code="t">Atlanta daily herald</subfield><subfield code="w">(DLC)sn 85034215</subfield><subfield code="w">(OCoLC)12565093</subfield></datafield><datafield ind1="4" ind2="0" tag="856"><subfield code="u">http://atlnewspapers.galileo.usg.edu/atlnewspapers/search?sort=year&amp;title=Herald&amp;source.page=1</subfield></datafield></record>